@misc{hudak:theory,
author={Paul Hudak},
title={An Algebraic Theory of Polymorphic Temporal Media - A generalization of Haskore Music and MDL as well as Fran and FAL animation},
howpublished={\url{http://haskell.cs.yale.edu/yale/papers/polymedia/hudak-RR-1259.pdf}}
}

@misc{mma:midispec,
author={MIDI Manufacturers Association},
title={The Complete MIDI 1.0 Detailed Specification},
howpublished={\url{http://www.midi.org/techspecs/midispec.php}}
}

@inproceedings{DBLP:conf/popl/Lescanne94,
  author    = {Pierre Lescanne},
  title     = {From Lambda-sigma to Lambda-upsilon a Journey Through Calculi
               of Explicit Substitutions},
  booktitle = {POPL},
  year      = {1994},
  pages     = {60-69},
  ee        = {http://doi.acm.org/10.1145/174675.174707},
  bibsource = {DBLP, http://dblp.uni-trier.de}
}

